<?xml version="1.0" encoding="UTF-8"?><collection xmlns="http://www.loc.gov/MARC21/slim"><record><leader>00383nam--2200145-i-4500</leader><controlfield tag="001">000005560</controlfield><controlfield tag="002">20161230</controlfield><controlfield tag="005">20170127213125</controlfield><controlfield tag="008">060222s1000------------r-----000-0-eng-d</controlfield><datafield ind1=" " ind2=" " tag="245"><subfield code="a">Ca tuday. the production of chemical abstracts</subfield></datafield><datafield ind1=" " ind2=" " tag="260"><subfield code="a">Washington</subfield><subfield code="b">American Chemical Soc</subfield><subfield code="c">1959</subfield></datafield><datafield ind1=" " ind2=" " tag="300"><subfield code="a">IX + 130 p</subfield></datafield><datafield ind1=" " ind2=" " tag="700"><subfield code="a">Crane, E. J</subfield></datafield><datafield ind1=" " ind2=" " tag="852"><subfield code="a">16513</subfield></datafield><datafield ind1=" " ind2=" " tag="CAT"><subfield code="a">SYS</subfield><subfield code="c">20170127</subfield><subfield code="h">213125</subfield></datafield></record></collection>